@manual{V601,
  author = {TU Dortmund},
  title = {V601 - Franck-Hertz-Versuch},
  year = 2019
}
@online{ion,
  author = {M. Stegemann},
  title = {Quecksilber},
  year = 2019, 
  month = 04,
  url = {http://www.periodensystem.info/elemente/quecksilber}
  }
@online{anr,
  author ={HyperPhysics},
  title = {Franck-Hertz-Experiment},
  year = 2019,
  month = 04,
  url ={http://hydrogen.physik.uni-wuppertal.de/hyperphysics/hyperphysics/hbase/FrHz.html}
  } 